
@article{cardwell_bbr:_2016,
	title = {{BBR}: {Congestion}-{Based} {Congestion} {Control}},
	urldate = {2019-10-11},
	journal = {ACM Queue},
	author = {Cardwell, Neal and Cheng, Yuchung and Gunn, C. Stephen and Yeganeh, Soheil Hassas and Jacobson, Van},
	year = {2016}
}
